{
  "leader": "03083cam a2200349Ii 4500",
  "fields": [
    {
      "001": "ocm00499324\\"
    },
    {
      "003": "OCoLC"
    },
    {
      "005": "20220708110337.0"
    },
    {
      "008": "721120s1964\\\\\\\\nyuac\\\\\\\\b\\\\\\\\000\\0\\eng\\d"
    },
    {
      "010": {
        "ind1": "\\",
        "ind2": "\\",
        "subfields": [
          {
            "a": "   63022088 "
          }
        ]
      }
    },
    {
      "040": {
        "ind1": "\\",
        "ind2": "\\",
        "subfields": [
          {
            "a": "CSU"
          },
          {
            "b": "eng"
          },
          {
            "c": "CSU"
          },
          {
            "d": "OCL"
          },
          {
            "d": "OCLCQ"
          },
          {
            "d": "VVW"
          },
          {
            "d": "GEBAY"
          },
          {
            "d": "OCLCQ"
          },
          {
            "d": "OCLCF"
          },
          {
            "d": "CHVBK"
          },
          {
            "d": "OCLCO"
          },
          {
            "d": "DEBBG"
          },
          {
            "d": "OCLCQ"
          },
          {
            "d": "SFR"
          },
          {
            "d": "NLC"
          },
          {
            "d": "OCLCQ"
          },
          {
            "d": "TYC"
          },
          {
            "d": "OCLCQ"
          },
          {
            "d": "OCLCO"
          },
          {
            "d": "IL4J6"
          },
          {
            "d": "JTH"
          },
          {
            "d": "LCY"
          },
          {
            "d": "OCLCO"
          }
        ]
      }
    },
    {
      "016": {
        "ind1": "\\",
        "ind2": "\\",
        "subfields": [
          {
            "a": "(AMICUS)000011567142"
          }
        ]
      }
    },
    {
      "019": {
        "ind1": "\\",
        "ind2": "\\",
        "subfields": [
          {
            "a": "1145216943"
          },
          {
            "a": "1150872791"
          },
          {
            "a": "1153241571"
          },
          {
            "a": "1166527711"
          },
          {
            "a": "1224872477"
          },
          {
            "a": "1231498841"
          },
          {
            "a": "1282031073"
          },
          {
            "a": "1298258759"
          }
        ]
      }
    },
    {
      "035": {
        "ind1": "\\",
        "ind2": "\\",
        "subfields": [
          {
            "a": "(OCoLC)499324"
          },
          {
            "z": "(OCoLC)1145216943"
          },
          {
            "z": "(OCoLC)1150872791"
          },
          {
            "z": "(OCoLC)1153241571"
          },
          {
            "z": "(OCoLC)1166527711"
          },
          {
            "z": "(OCoLC)1224872477"
          },
          {
            "z": "(OCoLC)1231498841"
          },
          {
            "z": "(OCoLC)1282031073"
          },
          {
            "z": "(OCoLC)1298258759"
          }
        ]
      }
    },
    {
      "050": {
        "ind1": "1",
        "ind2": "4",
        "subfields": [
          {
            "a": "HV28.G78"
          },
          {
            "b": "L6"
          }
        ]
      }
    },
    {
      "055": {
        "ind1": "0",
        "ind2": "2",
        "subfields": [
          {
            "a": "HV28*"
          }
        ]
      }
    },
    {
      "082": {
        "ind1": "0",
        "ind2": "4",
        "subfields": [
          {
            "a": "923.673"
          },
          {
            "b": "LOM"
          }
        ]
      }
    },
    {
      "100": {
        "ind1": "1",
        "ind2": "\\",
        "subfields": [
          {
            "a": "Lomask, Milton."
          }
        ]
      }
    },
    {
      "245": {
        "ind1": "1",
        "ind2": "0",
        "subfields": [
          {
            "a": "Seed money :"
          },
          {
            "b": "the Guggenheim story /"
          },
          {
            "c": "by Milton Lomask."
          }
        ]
      }
    },
    {
      "260": {
        "ind1": "\\",
        "ind2": "\\",
        "subfields": [
          {
            "a": "New York :"
          },
          {
            "b": "Farrar, Straus,"
          },
          {
            "c": "[1964]"
          }
        ]
      }
    },
    {
      "300": {
        "ind1": "\\",
        "ind2": "\\",
        "subfields": [
          {
            "a": "viii, 307 pages :"
          },
          {
            "b": "illustrations, portraits ;"
          },
          {
            "c": "22 cm"
          }
        ]
      }
    },
    {
      "336": {
        "ind1": "\\",
        "ind2": "\\",
        "subfields": [
          {
            "a": "text"
          },
          {
            "b": "txt"
          },
          {
            "2": "rdacontent"
          }
        ]
      }
    },
    {
      "337": {
        "ind1": "\\",
        "ind2": "\\",
        "subfields": [
          {
            "a": "unmediated"
          },
          {
            "b": "n"
          },
          {
            "2": "rdamedia"
          }
        ]
      }
    },
    {
      "338": {
        "ind1": "\\",
        "ind2": "\\",
        "subfields": [
          {
            "a": "volume"
          },
          {
            "b": "nc"
          },
          {
            "2": "rdacarrier"
          }
        ]
      }
    },
    {
      "504": {
        "ind1": "\\",
        "ind2": "\\",
        "subfields": [
          {
            "a": "Bibliographical references included in \"Notes\" (p. 279-299)."
          }
        ]
      }
    },
    {
      "520": {
        "ind1": "\\",
        "ind2": "\\",
        "subfields": [
          {
            "a": "The story of the Guggenheims in America, Milton Lomask notes, is essentially a study in daring. This quality of boldness, together with other attributes, enabled Meyer Guggenheim and his sons to amass a fortune (one estimate: a quarter of a billion dollars) in the less than a half century since the father, a pack on his back, started his business career as an immigrant peddler. The quality of daring is also evident in the way Meyer Guggenheim's sons spent at least part of their money. There are more than 10,000 foundations in this country, but few have been endowed with the inspiration that has generally characterized the Guggenheim foundations. Lomask tells about five of the Guggenheim foundations, including the Daniel and Florence Guggenheim Foundation, which today devotes most of its funds to the advancement of the aerospace sciences; the John Simon Memorial Foundation, which awards the coveted fellowships popularly known as \"the Guggenheims\"; and the Solomon R. Guggenheim Foundation, which operates the Guggenheim Museum. Mr. Lomask does more than give facts and figures, He presents a fascinating account of the men and women who made these foundations possible and of the many persons whose work the foundations helped bring to fruition."
          }
        ]
      }
    },
    {
      "505": {
        "ind1": "0",
        "ind2": "\\",
        "subfields": [
          {
            "a": "In Switzerland's green ghettos -- For seven sons, one business -- Victorians, puritans, and playboys -- There is no Guggenheim Foundation -- Harry Guggenheim and the universal highway -- Mr. Dan's fund -- Millions for science -- The Daniel and Florence: Sponsor of Goddard -- Solomon's collection -- The Guggenheim museum -- \"Doctor\" Murry and the children of New York -- The John Simon: Open-hearted free-wheelers."
          }
        ]
      }
    },
    {
      "600": {
        "ind1": "3",
        "ind2": "0",
        "subfields": [
          {
            "a": "Guggenheim family."
          }
        ]
      }
    },
    {
      "600": {
        "ind1": "3",
        "ind2": "7",
        "subfields": [
          {
            "a": "Guggenheim family."
          },
          {
            "2": "fast"
          },
          {
            "0": "(OCoLC)fst00218641"
          }
        ]
      }
    },
    {
      "994": {
        "ind1": "\\",
        "ind2": "\\",
        "subfields": [
          {
            "a": "Z0"
          },
          {
            "b": "NYRVC"
          }
        ]
      }
    },
    {
      "948": {
        "ind1": "\\",
        "ind2": "\\",
        "subfields": [
          {
            "h": "NO HOLDINGS IN NYRVC - 455 OTHER HOLDINGS"
          }
        ]
      }
    },
    {
      "999": {
        "ind1": "\\",
        "ind2": "\\",
        "subfields": [
          {
            "a": "00000000013867"
          }
        ]
      }
    }
  ]
}